[gd_scene load_steps=10 format=2]

[ext_resource path="res://Enemies/Enemy.tscn" type="PackedScene" id=1]
[ext_resource path="res://Enemies/bat.png" type="Texture" id=2]
[ext_resource path="res://Enemies/BatEnemy.gd" type="Script" id=3]

[sub_resource type="CircleShape2D" id=1]
radius = 5.0

[sub_resource type="Animation" id=2]
resource_name = "Attack"
tracks/0/type = "value"
tracks/0/path = NodePath("Sprite:frame")
tracks/0/interp = 1
tracks/0/loop_wrap = true
tracks/0/imported = false
tracks/0/enabled = true
tracks/0/keys = {
"times": PoolRealArray( 0, 0.1, 0.2, 0.3, 0.4, 0.5, 0.6, 0.7, 0.8, 0.9 ),
"transitions": PoolRealArray( 1, 1, 1, 1, 1, 1, 1, 1, 1, 1 ),
"update": 1,
"values": [ 10, 11, 12, 13, 14, 15, 16, 17, 18, 19 ]
}

[sub_resource type="Animation" id=3]
resource_name = "Die"
tracks/0/type = "value"
tracks/0/path = NodePath("Sprite:frame")
tracks/0/interp = 1
tracks/0/loop_wrap = true
tracks/0/imported = false
tracks/0/enabled = true
tracks/0/keys = {
"times": PoolRealArray( 0, 0.1, 0.2, 0.3, 0.4, 0.5, 0.6, 0.7, 0.8, 0.9 ),
"transitions": PoolRealArray( 1, 1, 1, 1, 1, 1, 1, 1, 1, 1 ),
"update": 1,
"values": [ 20, 21, 22, 23, 24, 25, 26, 27, 28, 29 ]
}

[sub_resource type="Animation" id=4]
loop = true
tracks/0/type = "value"
tracks/0/path = NodePath("Sprite:frame")
tracks/0/interp = 1
tracks/0/loop_wrap = true
tracks/0/imported = false
tracks/0/enabled = true
tracks/0/keys = {
"times": PoolRealArray( 0, 0.1, 0.2, 0.3, 0.4, 0.5, 0.6, 0.7, 0.8, 0.9 ),
"transitions": PoolRealArray( 1, 1, 1, 1, 1, 1, 1, 1, 1, 1 ),
"update": 1,
"values": [ 0, 1, 2, 3, 4, 5, 6, 7, 8, 9 ]
}

[sub_resource type="CapsuleShape2D" id=5]
radius = 3.85988
height = 14.46

[sub_resource type="CircleShape2D" id=6]
radius = 3.0

[node name="Bat" instance=ExtResource( 1 )]
script = ExtResource( 3 )
MAX_SPEED = 40

[node name="Sprite" parent="." index="0"]
texture = ExtResource( 2 )
flip_h = true
vframes = 3
hframes = 10
frame = 5

[node name="Collider" parent="." index="1"]
shape = SubResource( 1 )

[node name="AnimationPlayer" parent="." index="2"]
autoplay = "Fly"
anims/Attack = SubResource( 2 )
anims/Die = SubResource( 3 )
anims/Fly = SubResource( 4 )

[node name="Collider" parent="Hurtbox" index="0"]
rotation = 1.5708
shape = SubResource( 5 )

[node name="Collider" parent="Hitbox" index="0"]
shape = SubResource( 6 )

[node name="VisibilityNotifier2D" type="VisibilityNotifier2D" parent="." index="6"]
position = Vector2( -0.0794943, -0.410113 )
scale = Vector2( 0.7, 0.7 )

[node name="HealthBar" parent="HealthBar" index="0"]
margin_left = -9.9368
margin_top = -12.1626
margin_right = 10.0632
margin_bottom = -10.1626
[connection signal="screen_entered" from="VisibilityNotifier2D" to="." method="_on_VisibilityNotifier2D_screen_entered"]

[editable path="Hurtbox"]

[editable path="Hitbox"]

[editable path="HealthBar"]
