[gd_scene load_steps=15 format=2]

[ext_resource path="res://Enemies/the-revolutionary-body.png" type="Texture" id=1]
[ext_resource path="res://Enemies/the-revolutionary-head.png" type="Texture" id=2]
[ext_resource path="res://Enemies/the-revolutionary-right-weapon.png" type="Texture" id=3]
[ext_resource path="res://CollisionBoxes/Hitbox.tscn" type="PackedScene" id=4]
[ext_resource path="res://World/HealthBar.tscn" type="PackedScene" id=5]
[ext_resource path="res://CollisionBoxes/Hurtbox.tscn" type="PackedScene" id=6]
[ext_resource path="res://Enemies/EnemyStats.tscn" type="PackedScene" id=7]
[ext_resource path="res://Enemies/the-revolutionary-left-weapon.png" type="Texture" id=8]
[ext_resource path="res://Enemies/RevolutionaryBoss.gd" type="Script" id=9]

[sub_resource type="CapsuleShape2D" id=1]
radius = 20.0178

[sub_resource type="CapsuleShape2D" id=2]
radius = 4.3294
height = 4.64766

[sub_resource type="CapsuleShape2D" id=3]
radius = 26.9232
height = 32.5283

[sub_resource type="Animation" id=4]
resource_name = "Attack"
length = 0.9
loop = true
tracks/0/type = "value"
tracks/0/path = NodePath("Right Weapon:position")
tracks/0/interp = 1
tracks/0/loop_wrap = true
tracks/0/imported = false
tracks/0/enabled = true
tracks/0/keys = {
"times": PoolRealArray( 0, 0.2, 0.3, 0.4, 0.6 ),
"transitions": PoolRealArray( 1, 1, 1, 1, 1 ),
"update": 0,
"values": [ Vector2( -14.1649, 9.38428 ), Vector2( -6.90542, 1.94769 ), Vector2( -26.0281, 1.23944 ), Vector2( -31.1629, 3.71831 ), Vector2( -14.1649, 9.38428 ) ]
}
tracks/1/type = "value"
tracks/1/path = NodePath("Right Weapon:rotation_degrees")
tracks/1/interp = 1
tracks/1/loop_wrap = true
tracks/1/imported = false
tracks/1/enabled = true
tracks/1/keys = {
"times": PoolRealArray( 0, 0.2, 0.3, 0.4, 0.6 ),
"transitions": PoolRealArray( 1, 1, 1, 1, 1 ),
"update": 0,
"values": [ 0.0, 4.65971, 36.2698, 19.7909, 0.0 ]
}
tracks/2/type = "value"
tracks/2/path = NodePath("Left Weapon:position")
tracks/2/interp = 1
tracks/2/loop_wrap = true
tracks/2/imported = false
tracks/2/enabled = true
tracks/2/keys = {
"times": PoolRealArray( 0, 0.5, 0.6 ),
"transitions": PoolRealArray( 1, 1, 1 ),
"update": 0,
"values": [ Vector2( 19.1227, 7.4366 ), Vector2( -6.90542, 2.12474 ), Vector2( -23.5492, 7.25954 ) ]
}
tracks/3/type = "value"
tracks/3/path = NodePath("Left Weapon:rotation_degrees")
tracks/3/interp = 1
tracks/3/loop_wrap = true
tracks/3/imported = false
tracks/3/enabled = true
tracks/3/keys = {
"times": PoolRealArray( 0, 0.5, 0.6, 0.7, 0.8 ),
"transitions": PoolRealArray( 1, 1, 1, 1, 1 ),
"update": 0,
"values": [ 0.0, 39.0387, 28.517, 23.7306, 0.0 ]
}
tracks/4/type = "value"
tracks/4/path = NodePath("Body:position")
tracks/4/interp = 1
tracks/4/loop_wrap = true
tracks/4/imported = false
tracks/4/enabled = true
tracks/4/keys = {
"times": PoolRealArray( 0, 0.5, 0.9 ),
"transitions": PoolRealArray( 1, 1, 1 ),
"update": 0,
"values": [ Vector2( 0, 0 ), Vector2( -2.83299, 0.885311 ), Vector2( 0, 0 ) ]
}
tracks/5/type = "value"
tracks/5/path = NodePath("Body:rotation_degrees")
tracks/5/interp = 1
tracks/5/loop_wrap = true
tracks/5/imported = false
tracks/5/enabled = true
tracks/5/keys = {
"times": PoolRealArray( 0, 0.2, 0.5, 0.9 ),
"transitions": PoolRealArray( 1, 1, 1, 1 ),
"update": 0,
"values": [ 0.0, -5.26238, -0.820597, 0.0 ]
}
tracks/6/type = "value"
tracks/6/path = NodePath("Head:position")
tracks/6/interp = 1
tracks/6/loop_wrap = true
tracks/6/imported = false
tracks/6/enabled = true
tracks/6/keys = {
"times": PoolRealArray( 0, 0.1, 0.2, 0.9 ),
"transitions": PoolRealArray( 1, 1, 1, 1 ),
"update": 0,
"values": [ Vector2( 0, 0 ), Vector2( 0, 2 ), Vector2( -1.59356, 2.35412 ), Vector2( 0, 0 ) ]
}
tracks/7/type = "value"
tracks/7/path = NodePath("Head:rotation_degrees")
tracks/7/interp = 1
tracks/7/loop_wrap = true
tracks/7/imported = false
tracks/7/enabled = true
tracks/7/keys = {
"times": PoolRealArray( 0, 0.1, 0.9 ),
"transitions": PoolRealArray( 1, 1, 1 ),
"update": 0,
"values": [ 0.0, -9.12176, 0.0 ]
}
tracks/8/type = "value"
tracks/8/path = NodePath("Right Weapon:scale")
tracks/8/interp = 1
tracks/8/loop_wrap = true
tracks/8/imported = false
tracks/8/enabled = true
tracks/8/keys = {
"times": PoolRealArray( 0, 0.4, 0.6 ),
"transitions": PoolRealArray( 1, 1, 1 ),
"update": 0,
"values": [ Vector2( 1, 1 ), Vector2( 1.3, 1.3 ), Vector2( 1, 1 ) ]
}
tracks/9/type = "value"
tracks/9/path = NodePath("Left Weapon:scale")
tracks/9/interp = 1
tracks/9/loop_wrap = true
tracks/9/imported = false
tracks/9/enabled = true
tracks/9/keys = {
"times": PoolRealArray( 0, 0.7, 0.8 ),
"transitions": PoolRealArray( 1, 1, 1 ),
"update": 0,
"values": [ Vector2( 1, 1 ), Vector2( 1.3, 1.3 ), Vector2( 1, 1 ) ]
}

[sub_resource type="Animation" id=5]
resource_name = "Move"
loop = true
tracks/0/type = "value"
tracks/0/path = NodePath("Body:position")
tracks/0/interp = 2
tracks/0/loop_wrap = true
tracks/0/imported = false
tracks/0/enabled = true
tracks/0/keys = {
"times": PoolRealArray( 0, 0.2, 0.4, 0.6, 1 ),
"transitions": PoolRealArray( 1, 1, 1, 1, 1 ),
"update": 0,
"values": [ Vector2( 0, 0 ), Vector2( 0, -2 ), Vector2( 0, 0 ), Vector2( 0, -2 ), Vector2( 0, 0 ) ]
}
tracks/1/type = "value"
tracks/1/path = NodePath("Body:rotation_degrees")
tracks/1/interp = 2
tracks/1/loop_wrap = true
tracks/1/imported = false
tracks/1/enabled = true
tracks/1/keys = {
"times": PoolRealArray( 0, 1 ),
"transitions": PoolRealArray( 1, 1 ),
"update": 0,
"values": [ 0.0, 0.0 ]
}
tracks/2/type = "value"
tracks/2/path = NodePath("Head:position")
tracks/2/interp = 1
tracks/2/loop_wrap = true
tracks/2/imported = false
tracks/2/enabled = true
tracks/2/keys = {
"times": PoolRealArray( 0, 0.2, 0.3, 0.4, 0.5, 0.6, 1 ),
"transitions": PoolRealArray( 1, 1, 1, 1, 1, 1, 1 ),
"update": 0,
"values": [ Vector2( 0, 0 ), Vector2( 0, -1 ), Vector2( 0, 1 ), Vector2( 0, 0 ), Vector2( 0, 1 ), Vector2( 0, -1 ), Vector2( 0, 0 ) ]
}
tracks/3/type = "value"
tracks/3/path = NodePath("Head:rotation_degrees")
tracks/3/interp = 1
tracks/3/loop_wrap = true
tracks/3/imported = false
tracks/3/enabled = true
tracks/3/keys = {
"times": PoolRealArray( 0, 0.1, 0.3, 0.4, 1 ),
"transitions": PoolRealArray( 1, 1, 1, 1, 1 ),
"update": 0,
"values": [ 0.0, -5.0, -1.0, 4.0, 0.0 ]
}
tracks/4/type = "value"
tracks/4/path = NodePath("Right Weapon:position")
tracks/4/interp = 2
tracks/4/loop_wrap = true
tracks/4/imported = false
tracks/4/enabled = true
tracks/4/keys = {
"times": PoolRealArray( 0, 0.2, 0.5, 1 ),
"transitions": PoolRealArray( 1, 1, 1, 1 ),
"update": 0,
"values": [ Vector2( 0, 0 ), Vector2( -1.4165, -0.177063 ), Vector2( 0, 0 ), Vector2( 0, 0 ) ]
}
tracks/5/type = "value"
tracks/5/path = NodePath("Right Weapon:rotation_degrees")
tracks/5/interp = 2
tracks/5/loop_wrap = true
tracks/5/imported = false
tracks/5/enabled = true
tracks/5/keys = {
"times": PoolRealArray( 0, 0.2, 0.5, 1 ),
"transitions": PoolRealArray( 1, 1, 1, 1 ),
"update": 0,
"values": [ 0.0, 3.35447, 0.0, 0.0 ]
}
tracks/6/type = "value"
tracks/6/path = NodePath("Left Weapon:position")
tracks/6/interp = 2
tracks/6/loop_wrap = true
tracks/6/imported = false
tracks/6/enabled = true
tracks/6/keys = {
"times": PoolRealArray( 0, 0.2, 1 ),
"transitions": PoolRealArray( 1, 1, 1 ),
"update": 0,
"values": [ Vector2( 0, 0 ), Vector2( 0, -2 ), Vector2( 0, 0 ) ]
}
tracks/7/type = "value"
tracks/7/path = NodePath("Left Weapon:rotation_degrees")
tracks/7/interp = 2
tracks/7/loop_wrap = true
tracks/7/imported = false
tracks/7/enabled = true
tracks/7/keys = {
"times": PoolRealArray( 0, 0.5, 0.6, 1 ),
"transitions": PoolRealArray( 1, 1, 1, 1 ),
"update": 0,
"values": [ 0.0, 5.04124, 10.1588, 0.0 ]
}

[node name="RevolutionaryBoss" type="KinematicBody2D"]
script = ExtResource( 9 )

[node name="Body" type="Sprite" parent="."]
texture = ExtResource( 1 )

[node name="Head" type="Sprite" parent="."]
texture = ExtResource( 2 )

[node name="CollisionShape2D" type="CollisionShape2D" parent="."]
position = Vector2( 0.177063, -1.65073 )
shape = SubResource( 1 )

[node name="Right Weapon" parent="." instance=ExtResource( 4 )]
position = Vector2( -14.1649, 9.38428 )
collision_mask = 4

[node name="Sprite" type="Sprite" parent="Right Weapon"]
position = Vector2( 14.6669, -11.8544 )
texture = ExtResource( 3 )

[node name="CollisionShape2D" type="CollisionShape2D" parent="Right Weapon"]
position = Vector2( -9.551, 13.228 )
rotation = 0.760963
shape = SubResource( 2 )

[node name="Left Weapon" parent="." instance=ExtResource( 4 )]
position = Vector2( 19.1227, 7.4366 )
collision_mask = 4

[node name="Sprite" type="Sprite" parent="Left Weapon"]
position = Vector2( -21.4245, -10.8008 )
texture = ExtResource( 8 )

[node name="CollisionShape2D" type="CollisionShape2D" parent="Left Weapon"]
position = Vector2( -5.58479, 15.378 )
rotation = 0.760963
shape = SubResource( 2 )

[node name="Hurtbox" parent="." instance=ExtResource( 6 )]
position = Vector2( 0, 3.307 )
collision_layer = 8
collision_mask = 8

[node name="Collider" parent="Hurtbox" index="0"]
shape = SubResource( 3 )

[node name="EnemyStats" parent="." instance=ExtResource( 7 )]
max_health = 30

[node name="HealthBar" parent="." instance=ExtResource( 5 )]
position = Vector2( -10, -36 )

[node name="HealthBar" parent="HealthBar" index="0"]
margin_right = 20.0
margin_bottom = 2.0
value = 20.0

[node name="SenseRay" type="RayCast2D" parent="."]
position = Vector2( 0, 20 )
rotation = -4.71239
enabled = true
cast_to = Vector2( -5, 300 )

[node name="AttackRay" type="RayCast2D" parent="."]
position = Vector2( 0, 20 )
rotation = -4.71239
enabled = true
cast_to = Vector2( -5, 50 )

[node name="BackRay" type="RayCast2D" parent="."]
position = Vector2( 0, 20.1851 )
enabled = true
cast_to = Vector2( 60, 0 )

[node name="StatusTimer" type="Timer" parent="."]
autostart = true

[node name="AttackTimer" type="Timer" parent="."]
autostart = true

[node name="AnimationPlayer" type="AnimationPlayer" parent="."]
anims/Attack = SubResource( 4 )
anims/Move = SubResource( 5 )
[connection signal="hit" from="Hurtbox" to="." method="_on_Hurtbox_hit"]

[editable path="Hurtbox"]

[editable path="HealthBar"]
