[gd_scene load_steps=6 format=2]

[ext_resource path="res://Player/Player.gd" type="Script" id=1]
[ext_resource path="res://World/HealthBar.tscn" type="PackedScene" id=2]
[ext_resource path="res://Player/PlayerCollider.tres" type="Shape2D" id=4]
[ext_resource path="res://CollisionBoxes/Hurtbox.tscn" type="PackedScene" id=5]

[sub_resource type="Animation" id=1]
length = 0.9
tracks/0/type = "method"
tracks/0/path = NodePath(".")
tracks/0/interp = 1
tracks/0/loop_wrap = true
tracks/0/imported = false
tracks/0/enabled = true
tracks/0/keys = {
"times": PoolRealArray( 0, 0.9 ),
"transitions": PoolRealArray( 1, 1 ),
"values": [ {
"args": [ true ],
"method": "set_invincible"
}, {
"args": [ false ],
"method": "set_invincible"
} ]
}

[node name="Player" type="KinematicBody2D" groups=[
"Persists",
]]
z_index = 1
collision_mask = 2
script = ExtResource( 1 )

[node name="CollisionShape2D" type="CollisionShape2D" parent="."]
position = Vector2( 0, -7 )
shape = ExtResource( 4 )

[node name="BlinkAnimator" type="AnimationPlayer" parent="."]
anims/Blink = SubResource( 1 )

[node name="CameraFollow" type="RemoteTransform2D" parent="."]
position = Vector2( 0, -8 )
update_rotation = false
update_scale = false

[node name="CoyoteJumpTimer" type="Timer" parent="."]
wait_time = 0.2
one_shot = true

[node name="FireBulletTimer" type="Timer" parent="."]
wait_time = 0.25
one_shot = true

[node name="Hurtbox" parent="." groups=[
"Player",
] instance=ExtResource( 5 )]
collision_layer = 4

[node name="Collider" parent="Hurtbox" index="0"]
position = Vector2( 0, -7 )
shape = ExtResource( 4 )

[node name="PowerupDetector" type="Area2D" parent="."]
collision_layer = 0
collision_mask = 32

[node name="CollisionShape2D" type="CollisionShape2D" parent="PowerupDetector"]
position = Vector2( 0, -7 )
shape = ExtResource( 4 )

[node name="HealthBar" parent="." instance=ExtResource( 2 )]
position = Vector2( 0, -7.20391 )

[node name="HealthBar" parent="HealthBar" index="0"]
margin_left = -6.89102
margin_top = -13.4504
margin_right = 7.10898
margin_bottom = -11.4504
[connection signal="hit" from="Hurtbox" to="." method="_on_Hurtbox_hit"]
[connection signal="area_entered" from="PowerupDetector" to="." method="_on_PowerupDetector_area_entered"]

[editable path="Hurtbox"]

[editable path="HealthBar"]
